@misc{Sutelan_2023, title={Who is the fastest player in the NFL? Tyreek Hill, other Dolphins dominate list of top 2023 speeds so far}, url={https://www.sportingnews.com/us/nfl/news/nfl-fastest-player-top-2023-speeds/80dde018741ad620c97859e5}, journal={The Sporting News}, publisher={Sporting News}, author={Sutelan, Edward}, year={2023}, month={Oct}} 

@misc{Pro_Football_Reference, title={2022 NFL Standings \& Team Stats}, url={https://www.pro-football-reference.com/years/2022/index.htm}, journal={Pro Football Reference}, publisher={Sports Reference LLC}} 

@misc{big_data_bowl, title={NFL Big Data Bowl 2024}, author = {{Michael Lopez, Thompson Bliss, Ally Blake, Andrew Patton, Jonathan McWilliams, Addison Howard, Will Cukierski}}, publisher = {Kaggle}, year = {2023}, url = {https://kaggle.com/competitions/nfl-big-data-bowl-2024}}

@misc{Stathead.com, title={Stathead Team Span Finder},url={https://stathead.com/football/team-span-finder.cgi?request=1&order_by=pass_sacked_opp&timeframe=seasons&year_min=2022&year_max=2022&span_length=9&span_type=season_start}, journal={Stathead.com}, publisher={Sports Reference LLC}} 